
@article{aitchison,
  title = {A {{Concise Guide}} to {{Compositional Data Analysis}}},
  author = {Aitchison, John},
  pages = {134},
  file = {C\:\\Users\\quang\\Zotero\\storage\\L3XN5EQU\\Aitchison - A Concise Guide to Compositional Data Analysis.pdf},
  language = {en}
}

@article{chen2013,
  title = {Structure-Constrained Sparse Canonical Correlation Analysis with an Application to Microbiome Data Analysis},
  author = {Chen, Jun and Bushman, Frederic D. and Lewis, James D. and Wu, Gary D. and Li, Hongzhe},
  year = {2013},
  month = apr,
  volume = {14},
  pages = {244--258},
  issn = {1465-4644},
  doi = {10.1093/biostatistics/kxs038},
  file = {C\:\\Users\\quang\\Zotero\\storage\\UWFSDCHP\\Chen et al_2013_Structure-constrained sparse canonical correlation analysis with an application.pdf},
  journal = {Biostatistics},
  number = {2},
  pmcid = {PMC3590923},
  pmid = {23074263}
}

@article{chen2018a,
  title = {An Omnibus Test for Differential Distribution Analysis of Microbiome Sequencing Data},
  author = {Chen, Jun and King, Emily and Deek, Rebecca and Wei, Zhi and Yu, Yue and Grill, Diane and Ballman, Karla},
  year = {2018},
  month = feb,
  volume = {34},
  pages = {643--651},
  publisher = {{Oxford Academic}},
  issn = {1367-4803},
  doi = {10.1093/bioinformatics/btx650},
  file = {C\:\\Users\\quang\\Zotero\\storage\\879LEUSV\\Chen et al_2018_An omnibus test for differential distribution analysis of microbiome sequencing.pdf;C\:\\Users\\quang\\Zotero\\storage\\5GGQQYA4\\4470360.html},
  journal = {Bioinformatics},
  language = {en},
  number = {4}
}

@article{deleeuw2016,
  title = {The Statistical Properties of Gene-Set Analysis},
  author = {{de Leeuw}, Christiaan A. and Neale, Benjamin M. and Heskes, Tom and Posthuma, Danielle},
  year = {2016},
  month = jun,
  volume = {17},
  pages = {353--364},
  issn = {1471-0056, 1471-0064},
  doi = {10.1038/nrg.2016.29},
  file = {C\:\\Users\\quang\\Zotero\\storage\\9ZSVHRHT\\de Leeuw et al_2016_The statistical properties of gene-set analysis.pdf},
  journal = {Nature Reviews Genetics},
  keywords = {_tablet},
  language = {en},
  number = {6}
}

@article{egozcue2003,
  title = {Isometric {{Logratio Transformations}} for {{Compositional Data Analysis}}},
  author = {Egozcue, J J and {Pawlowsky-Glahn}, V and {Mateu-Figueras}, G and {Barcelo-Vidal}, C},
  year = {2003},
  pages = {22},
  file = {C\:\\Users\\quang\\Zotero\\storage\\ZC48QQ3U\\Egozcue et al_2003_Isometric Logratio Transformations for Compositional Data Analysis.pdf},
  journal = {Mathematical Geology},
  keywords = {_tablet},
  language = {en}
}

@article{egozcue2005,
  title = {Groups of {{Parts}} and {{Their Balances}} in {{Compositional Data Analysis}}},
  author = {Egozcue, J. J. and {Pawlowsky-Glahn}, V.},
  year = {2005},
  month = oct,
  volume = {37},
  pages = {795--828},
  issn = {0882-8121, 1573-8868},
  doi = {10.1007/s11004-005-7381-9},
  file = {C\:\\Users\\quang\\Zotero\\storage\\FPPK5S6K\\Egozcue and Pawlowsky-Glahn - 2005 - Groups of Parts and Their Balances in Compositiona.pdf},
  journal = {Mathematical Geology},
  language = {en},
  number = {7}
}

@article{evans2012,
  title = {The Phylogenetic {{Kantorovich}}\textendash{{Rubinstein}} Metric for Environmental Sequence Samples},
  author = {Evans, Steven N. and Matsen, Frederick A.},
  year = {2012},
  volume = {74},
  pages = {569--592},
  issn = {1467-9868},
  doi = {10.1111/j.1467-9868.2011.01018.x},
  copyright = {\textcopyright{} 2012 Royal Statistical Society},
  file = {C\:\\Users\\quang\\Zotero\\storage\\JTQ789C2\\Evans_Matsen_2012_The phylogenetic Kantorovich–Rubinstein metric for environmental sequence.pdf},
  journal = {Journal of the Royal Statistical Society: Series B (Statistical Methodology)},
  keywords = {_tablet,Barycentre,CAT(κ) space,Gaussian process,Hadamard space,Metagenomics,Monte Carlo methods,Negative curvature,Optimal transport,Permutation test,Phylogenetics,Randomization test,Reproducing kernel Hilbert space,Wasserstein metric},
  language = {en},
  note = {\_eprint: https://rss.onlinelibrary.wiley.com/doi/pdf/10.1111/j.1467-9868.2011.01018.x},
  number = {3}
}

@article{fernandes2014,
  title = {Unifying the Analysis of High-Throughput Sequencing Datasets: Characterizing {{RNA}}-Seq, {{16S rRNA}} Gene Sequencing and Selective Growth Experiments by Compositional Data Analysis},
  shorttitle = {Unifying the Analysis of High-Throughput Sequencing Datasets},
  author = {Fernandes, Andrew D. and Reid, Jennifer NS and Macklaim, Jean M. and McMurrough, Thomas A. and Edgell, David R. and Gloor, Gregory B.},
  year = {2014},
  month = may,
  volume = {2},
  pages = {15},
  issn = {2049-2618},
  doi = {10.1186/2049-2618-2-15},
  file = {C\:\\Users\\quang\\Zotero\\storage\\FZ5CQC67\\Fernandes et al_2014_Unifying the analysis of high-throughput sequencing datasets.pdf;C\:\\Users\\quang\\Zotero\\storage\\DJX3JD2M\\2049-2618-2-15.html},
  journal = {Microbiome},
  keywords = {_tablet},
  number = {1}
}

@article{frost2020,
  title = {Variance-Adjusted {{Mahalanobis}} ({{VAM}}): A Fast and Accurate Method for Cell-Specific Gene Set Scoring},
  shorttitle = {Variance-Adjusted {{Mahalanobis}} ({{VAM}})},
  author = {Frost, H. Robert},
  year = {2020},
  month = feb,
  pages = {2020.02.18.954321},
  publisher = {{Cold Spring Harbor Laboratory}},
  doi = {10.1101/2020.02.18.954321},
  copyright = {\textcopyright{} 2020, Posted by Cold Spring Harbor Laboratory. This pre-print is available under a Creative Commons License (Attribution-NonCommercial-NoDerivs 4.0 International), CC BY-NC-ND 4.0, as described at http://creativecommons.org/licenses/by-nc-nd/4.0/},
  file = {C\:\\Users\\quang\\Zotero\\storage\\UQLXI2Q7\\Frost_2020_Variance-adjusted Mahalanobis (VAM).pdf;C\:\\Users\\quang\\Zotero\\storage\\FA666E4V\\2020.02.18.954321v1.html},
  journal = {bioRxiv},
  keywords = {_tablet},
  language = {en}
}

@article{gloor2017,
  title = {Microbiome {{Datasets Are Compositional}}: {{And This Is Not Optional}}},
  shorttitle = {Microbiome {{Datasets Are Compositional}}},
  author = {Gloor, Gregory B. and Macklaim, Jean M. and {Pawlowsky-Glahn}, Vera and Egozcue, Juan J.},
  year = {2017},
  volume = {8},
  issn = {1664-302X},
  doi = {10.3389/fmicb.2017.02224},
  file = {C\:\\Users\\quang\\Zotero\\storage\\PZDMRFDB\\Gloor et al_2017_Microbiome Datasets Are Compositional.pdf},
  journal = {Front. Microbiol.},
  keywords = {Bayesian estimation,Compositional data,Correlation,count normalization,Differential abundance,high-throughput sequencing,microbiota,Relative abundance},
  language = {English}
}

@article{greenacre2020,
  title = {Amalgamations Are Valid in Compositional Data Analysis, Can Be Used in Agglomerative Clustering, and Their Logratios Have an Inverse Transformation},
  author = {Greenacre, Michael},
  year = {2020},
  month = mar,
  volume = {5},
  pages = {100017},
  issn = {2590-1974},
  doi = {10.1016/j.acags.2019.100017},
  file = {C\:\\Users\\quang\\Zotero\\storage\\JA8UGSGZ\\Greenacre_2020_Amalgamations are valid in compositional data analysis, can be used in.pdf;C\:\\Users\\quang\\Zotero\\storage\\2IP6AJVN\\S2590197419300175.html},
  journal = {Applied Computing and Geosciences},
  keywords = {Amalgamation,Balance,Clustering,Compositional data,Inverse transformation,Logratio transformation},
  language = {en}
}

@article{hafemeister2019,
  title = {Normalization and Variance Stabilization of Single-Cell {{RNA}}-Seq Data Using Regularized Negative Binomial Regression},
  author = {Hafemeister, Christoph and Satija, Rahul},
  year = {2019},
  month = dec,
  volume = {20},
  pages = {296},
  issn = {1474-760X},
  doi = {10.1186/s13059-019-1874-1},
  file = {C\:\\Users\\quang\\Zotero\\storage\\9DYIQI4M\\Hafemeister_Satija_2019_Normalization and variance stabilization of single-cell RNA-seq data using.pdf;C\:\\Users\\quang\\Zotero\\storage\\973L57K4\\s13059-019-1874-1.html},
  journal = {Genome Biology},
  keywords = {_tablet},
  number = {1}
}

@article{ji2019,
  title = {Quantifying Spatiotemporal Variability and Noise in Absolute Microbiota Abundances Using Replicate Sampling},
  author = {Ji, Brian W. and Sheth, Ravi U. and Dixit, Purushottam D. and Huang, Yiming and Kaufman, Andrew and Wang, Harris H. and Vitkup, Dennis},
  year = {2019},
  month = aug,
  volume = {16},
  pages = {731--736},
  publisher = {{Nature Publishing Group}},
  issn = {1548-7105},
  doi = {10.1038/s41592-019-0467-y},
  copyright = {2019 The Author(s), under exclusive licence to Springer Nature America, Inc.},
  file = {C\:\\Users\\quang\\Zotero\\storage\\SG6FKCNC\\Ji et al_2019_Quantifying spatiotemporal variability and noise in absolute microbiota.pdf;C\:\\Users\\quang\\Zotero\\storage\\TS7K6NS2\\s41592-019-0467-y.html},
  journal = {Nature Methods},
  language = {en},
  number = {8}
}

@article{koh2017,
  title = {A Powerful Microbiome-Based Association Test and a Microbial Taxa Discovery Framework for Comprehensive Association Mapping},
  author = {Koh, Hyunwook and Blaser, Martin J. and Li, Huilin},
  year = {2017},
  month = apr,
  volume = {5},
  pages = {45},
  issn = {2049-2618},
  doi = {10.1186/s40168-017-0262-x},
  file = {C\:\\Users\\quang\\Zotero\\storage\\L8PD8Z3M\\Koh et al_2017_A powerful microbiome-based association test and a microbial taxa discovery.pdf;C\:\\Users\\quang\\Zotero\\storage\\R6K9D84V\\s40168-017-0262-x.html},
  journal = {Microbiome},
  number = {1}
}

@article{law2014,
  title = {Voom: Precision Weights Unlock Linear Model Analysis Tools for {{RNA}}-Seq Read Counts},
  shorttitle = {Voom},
  author = {Law, Charity W and Chen, Yunshun and Shi, Wei and Smyth, Gordon K},
  year = {2014},
  volume = {15},
  pages = {R29},
  issn = {1465-6906},
  doi = {10.1186/gb-2014-15-2-r29},
  file = {C\:\\Users\\quang\\Zotero\\storage\\6PDSLLFX\\Law et al_2014_voom.pdf},
  journal = {Genome Biology},
  keywords = {_tablet},
  language = {en},
  number = {2}
}

@article{lozupone2007,
  title = {Quantitative and {{Qualitative}} {$\beta$} {{Diversity Measures Lead}} to {{Different Insights}} into {{Factors That Structure Microbial Communities}}},
  author = {Lozupone, Catherine A. and Hamady, Micah and Kelley, Scott T. and Knight, Rob},
  year = {2007},
  month = mar,
  volume = {73},
  pages = {1576--1585},
  publisher = {{American Society for Microbiology}},
  issn = {0099-2240, 1098-5336},
  doi = {10.1128/AEM.01996-06},
  copyright = {American Society for Microbiology},
  file = {C\:\\Users\\quang\\Zotero\\storage\\2YX6GWWD\\Lozupone et al_2007_Quantitative and Qualitative β Diversity Measures Lead to Different Insights.pdf;C\:\\Users\\quang\\Zotero\\storage\\VC9JRWWX\\1576.html},
  journal = {Appl. Environ. Microbiol.},
  language = {en},
  number = {5},
  pmid = {17220268}
}

@article{martin-fernandez2003,
  title = {Dealing with {{Zeros}} and {{Missing Values}} in {{Compositional Data Sets Using Nonparametric Imputation}}},
  author = {{Mart\i{}n-Fernandez}, J A and {Barcelo-Vidal}, C and {Pawlowsky-Glahn}, V},
  year = {2003},
  pages = {26},
  file = {C\:\\Users\\quang\\Zotero\\storage\\EPM62LVB\\Martın-Fernandez et al. - 2003 - Dealing with Zeros and Missing Values in Compositi.pdf},
  journal = {Mathematical Geology},
  language = {en}
}

@article{mathur2018,
  title = {Gene Set Analysis Methods: A Systematic Comparison},
  shorttitle = {Gene Set Analysis Methods},
  author = {Mathur, Ravi and Rotroff, Daniel and Ma, Jun and Shojaie, Ali and {Motsinger-Reif}, Alison},
  year = {2018},
  month = may,
  volume = {11},
  pages = {8},
  issn = {1756-0381},
  doi = {10.1186/s13040-018-0166-8},
  file = {C\:\\Users\\quang\\Zotero\\storage\\QKAQYL96\\Mathur et al_2018_Gene set analysis methods.pdf},
  journal = {BioData Mining},
  keywords = {_tablet},
  number = {1}
}

@article{matsen2012,
  title = {Reconciling Taxonomy and Phylogenetic Inference: Formalism and Algorithms for Describing Discord and Inferring Taxonomic Roots},
  shorttitle = {Reconciling Taxonomy and Phylogenetic Inference},
  author = {Matsen, Frederick A. and Gallagher, Aaron},
  year = {2012},
  month = may,
  volume = {7},
  pages = {8},
  issn = {1748-7188},
  doi = {10.1186/1748-7188-7-8},
  file = {C\:\\Users\\quang\\Zotero\\storage\\4KDIRHEP\\Matsen_Gallagher_2012_Reconciling taxonomy and phylogenetic inference.pdf;C\:\\Users\\quang\\Zotero\\storage\\497HE6IQ\\1748-7188-7-8.html},
  journal = {Algorithms for Molecular Biology},
  keywords = {_tablet},
  number = {1}
}

@article{matseniv2013,
  title = {Edge {{Principal Components}} and {{Squash Clustering}}: {{Using}} the {{Special Structure}} of {{Phylogenetic Placement Data}} for {{Sample Comparison}}},
  shorttitle = {Edge {{Principal Components}} and {{Squash Clustering}}},
  author = {Matsen IV, Frederick A. and Evans, Steven N.},
  editor = {Moustafa, Ahmed},
  year = {2013},
  month = mar,
  volume = {8},
  pages = {e56859},
  issn = {1932-6203},
  doi = {10.1371/journal.pone.0056859},
  file = {C\:\\Users\\quang\\Zotero\\storage\\HF46T6PV\\Matsen IV and Evans - 2013 - Edge Principal Components and Squash Clustering U.pdf},
  journal = {PLoS ONE},
  language = {en},
  number = {3}
}

@article{mcmurdie2014,
  title = {Waste {{Not}}, {{Want Not}}: {{Why Rarefying Microbiome Data Is Inadmissible}}},
  shorttitle = {Waste {{Not}}, {{Want Not}}},
  author = {McMurdie, Paul J. and Holmes, Susan},
  year = {2014},
  month = apr,
  volume = {10},
  pages = {e1003531},
  issn = {1553-7358},
  doi = {10.1371/journal.pcbi.1003531},
  file = {C\:\\Users\\quang\\Zotero\\storage\\UIBTS2N3\\McMurdie_Holmes_2014_Waste Not, Want Not.pdf;C\:\\Users\\quang\\Zotero\\storage\\GT7JHSVX\\article.html},
  journal = {PLOS Computational Biology},
  keywords = {Binomials,DNA sequence analysis,DNA sequencing,Microbiome,RNA analysis,RNA sequencing,Simulation and modeling,Statistical data},
  language = {en},
  number = {4}
}

@article{morton2017a,
  title = {Balance {{Trees Reveal Microbial Niche Differentiation}}},
  author = {Morton, James T. and Sanders, Jon and Quinn, Robert A. and McDonald, Daniel and Gonzalez, Antonio and {V{\'a}zquez-Baeza}, Yoshiki and {Navas-Molina}, Jose A. and Song, Se Jin and Metcalf, Jessica L. and Hyde, Embriette R. and Lladser, Manuel and Dorrestein, Pieter C. and Knight, Rob},
  year = {2017},
  month = feb,
  volume = {2},
  publisher = {{American Society for Microbiology Journals}},
  issn = {2379-5077},
  doi = {10.1128/mSystems.00162-16},
  copyright = {Copyright \textcopyright{} 2017 Morton et al.. This is an open-access article distributed under the terms of the Creative Commons Attribution 4.0 International license.},
  file = {C\:\\Users\\quang\\Zotero\\storage\\ZLDDIJVI\\Morton et al_2017_Balance Trees Reveal Microbial Niche Differentiation.pdf;C\:\\Users\\quang\\Zotero\\storage\\3VFARUWU\\e00162-16.html},
  journal = {mSystems},
  language = {en},
  number = {1},
  pmid = {28144630}
}

@article{morton2019,
  title = {Establishing Microbial Composition Measurement Standards with Reference Frames},
  author = {Morton, James T. and Marotz, Clarisse and Washburne, Alex and Silverman, Justin and Zaramela, Livia S. and Edlund, Anna and Zengler, Karsten and Knight, Rob},
  year = {2019},
  month = dec,
  volume = {10},
  issn = {2041-1723},
  doi = {10.1038/s41467-019-10656-5},
  file = {C\:\\Users\\quang\\Zotero\\storage\\FQYMYEU6\\Morton et al. - 2019 - Establishing microbial composition measurement sta.pdf},
  journal = {Nature Communications},
  language = {en},
  number = {1}
}

@techreport{quinn2018,
  title = {A Field Guide for the Compositional Analysis of Any-Omics Data},
  author = {Quinn, Thomas P. and Erb, Ionas and Gloor, Greg and Notredame, Cedric and Richardson, Mark F. and Crowley, Tamsyn M.},
  year = {2018},
  month = dec,
  institution = {{Bioinformatics}},
  doi = {10.1101/484766},
  file = {C\:\\Users\\quang\\Zotero\\storage\\F3PMA53V\\Quinn et al. - 2018 - A field guide for the compositional analysis of an.pdf},
  language = {en},
  type = {Preprint}
}

@article{quinn2018a,
  title = {Visualizing Balances of Compositional Data: {{A}} New Alternative to Balance Dendrograms},
  shorttitle = {Visualizing Balances of Compositional Data},
  author = {Quinn, Thomas P.},
  year = {2018},
  month = aug,
  volume = {7},
  issn = {2046-1402},
  doi = {10.12688/f1000research.15858.1},
  file = {C\:\\Users\\quang\\Zotero\\storage\\NSLPLCJ2\\Quinn_2018_Visualizing balances of compositional data.pdf},
  journal = {F1000Res},
  pmcid = {PMC6124381},
  pmid = {30228880}
}

@techreport{quinn2020,
  title = {Amalgams: Data-Driven Amalgamation for the Reference-Free Dimensionality Reduction of Zero-Laden Compositional Data},
  shorttitle = {Amalgams},
  author = {Quinn, Thomas P. and Erb, Ionas},
  year = {2020},
  month = feb,
  institution = {{Bioinformatics}},
  doi = {10.1101/2020.02.27.968677},
  file = {C\:\\Users\\quang\\Zotero\\storage\\I4CQI6KN\\2020.02.27.968677v1.full.pdf},
  language = {en},
  type = {Preprint}
}

@article{sankaran2014,
  title = {{{structSSI}}: {{Simultaneous}} and {{Selective Inference}} for {{Grouped}} or {{Hierarchically Structured Data}}},
  shorttitle = {{{structSSI}}},
  author = {Sankaran, Kris and Holmes, Susan},
  year = {2014},
  volume = {59},
  pages = {1--21},
  issn = {1548-7660},
  doi = {10.18637/jss.v059.i13},
  file = {C\:\\Users\\quang\\Zotero\\storage\\SX7VL2ZA\\Sankaran_Holmes_2014_structSSI.pdf},
  journal = {J Stat Softw},
  keywords = {_tablet},
  number = {13},
  pmcid = {PMC4764101},
  pmid = {26917999}
}

@article{silverman2017a,
  title = {A Phylogenetic Transform Enhances Analysis of Compositional Microbiota Data},
  author = {Silverman, Justin D and Washburne, Alex D and Mukherjee, Sayan and David, Lawrence A},
  editor = {Fodor, Anthony},
  year = {2017},
  month = feb,
  volume = {6},
  pages = {e21887},
  publisher = {{eLife Sciences Publications, Ltd}},
  issn = {2050-084X},
  doi = {10.7554/eLife.21887},
  file = {C\:\\Users\\quang\\Zotero\\storage\\DAKBM4M9\\Silverman et al_2017_A phylogenetic transform enhances analysis of compositional microbiota data.pdf},
  journal = {eLife},
  keywords = {compositional data,metagenomics,microbial evolution,microbiome,Phylogenetics}
}

@article{tian2005,
  title = {Discovering Statistically Significant Pathways in Expression Profiling Studies},
  author = {Tian, Lu and Greenberg, Steven A. and Kong, Sek Won and Altschuler, Josiah and Kohane, Isaac S. and Park, Peter J.},
  year = {2005},
  month = sep,
  volume = {102},
  pages = {13544--13549},
  publisher = {{National Academy of Sciences}},
  issn = {0027-8424, 1091-6490},
  doi = {10.1073/pnas.0506577102},
  copyright = {Copyright \textcopyright{} 2005, The National Academy of Sciences.                       Freely available online through the PNAS open access option.},
  file = {C\:\\Users\\quang\\Zotero\\storage\\8C5TB5AJ\\Tian et al_2005_Discovering statistically significant pathways in expression profiling studies.pdf;C\:\\Users\\quang\\Zotero\\storage\\4M39C9NG\\13544.html},
  journal = {PNAS},
  keywords = {correlated data,gene ontology,inflammatory myopathies,microarrays,normalization},
  language = {en},
  number = {38},
  pmid = {16174746}
}

@article{washburne2017a,
  title = {Phylogenetic Factorization of Compositional Data Yields Lineage-Level Associations in Microbiome Datasets},
  author = {Washburne, Alex D. and Silverman, Justin D. and Leff, Jonathan W. and Bennett, Dominic J. and Darcy, John L. and Mukherjee, Sayan and Fierer, Noah and David, Lawrence A.},
  year = {2017},
  month = feb,
  volume = {5},
  pages = {e2969},
  publisher = {{PeerJ Inc.}},
  issn = {2167-8359},
  doi = {10.7717/peerj.2969},
  file = {C\:\\Users\\quang\\Zotero\\storage\\NB8RL5FE\\Washburne et al_2017_Phylogenetic factorization of compositional data yields lineage-level.pdf;C\:\\Users\\quang\\Zotero\\storage\\KBZHTPG6\\2969.html},
  journal = {PeerJ},
  language = {en}
}

@article{weiss2017,
  title = {Normalization and Microbial Differential Abundance Strategies Depend upon Data Characteristics},
  author = {Weiss, Sophie and Xu, Zhenjiang Zech and Peddada, Shyamal and Amir, Amnon and Bittinger, Kyle and Gonzalez, Antonio and Lozupone, Catherine and Zaneveld, Jesse R. and {V{\'a}zquez-Baeza}, Yoshiki and Birmingham, Amanda and Hyde, Embriette R. and Knight, Rob},
  year = {2017},
  month = dec,
  volume = {5},
  issn = {2049-2618},
  doi = {10.1186/s40168-017-0237-y},
  file = {C\:\\Users\\quang\\Zotero\\storage\\NYTPM6BV\\Weiss et al. - 2017 - Normalization and microbial differential abundance.pdf},
  journal = {Microbiome},
  language = {en},
  number = {1}
}

@article{wu2012,
  title = {Camera: A Competitive Gene Set Test Accounting for Inter-Gene Correlation},
  shorttitle = {Camera},
  author = {Wu, Di and Smyth, Gordon K.},
  year = {2012},
  month = sep,
  volume = {40},
  pages = {e133},
  issn = {0305-1048},
  doi = {10.1093/nar/gks461},
  file = {C\:\\Users\\quang\\Zotero\\storage\\NQNFMH4N\\Wu_Smyth_2012_Camera.pdf},
  journal = {Nucleic Acids Res},
  keywords = {_tablet},
  number = {17},
  pmcid = {PMC3458527},
  pmid = {22638577}
}

@article{wu2016b,
  title = {An Adaptive Association Test for Microbiome Data},
  author = {Wu, Chong and Chen, Jun and Kim, Junghi and Pan, Wei},
  year = {2016},
  month = may,
  volume = {8},
  pages = {56},
  issn = {1756-994X},
  doi = {10.1186/s13073-016-0302-3},
  file = {C\:\\Users\\quang\\Zotero\\storage\\6A9L7QUZ\\Wu et al_2016_An adaptive association test for microbiome data.pdf;C\:\\Users\\quang\\Zotero\\storage\\FHJV5944\\s13073-016-0302-3.html},
  journal = {Genome Medicine},
  keywords = {_tablet},
  number = {1}
}

@article{xiao2018c,
  title = {A {{Phylogeny}}-{{Regularized Sparse Regression Model}} for {{Predictive Modeling}} of {{Microbial Community Data}}},
  author = {Xiao, Jian and Chen, Li and Yu, Yue and Zhang, Xianyang and Chen, Jun},
  year = {2018},
  month = dec,
  volume = {9},
  issn = {1664-302X},
  doi = {10.3389/fmicb.2018.03112},
  file = {C\:\\Users\\quang\\Zotero\\storage\\NMDZ94WV\\Xiao et al_2018_A Phylogeny-Regularized Sparse Regression Model for Predictive Modeling of.pdf},
  journal = {Front Microbiol},
  pmcid = {PMC6305753},
  pmid = {30619188}
}


